@inproceedings{baking,
 author = {Spini, Federico and Marino, Enrico and D'Antimi, Michele and Carra, Edoardo and Paoluzzi, Alberto},
 title = {Web 3D Indoor Authoring and VR Exploration via Texture Baking Service},
 booktitle = {Proceedings of the 21st International Conference on Web3D Technology},
 series = {Web3D '16},
 year = {2016},
 isbn = {978-1-4503-4428-9},
 location = {Anaheim, California},
 pages = {151--154},
 numpages = {4},
 url = {http://doi.acm.org/10.1145/2945292.2945309},
 doi = {10.1145/2945292.2945309},
 acmid = {2945309},
 publisher = {ACM},
 address = {New York, NY, USA},
 keywords = {3D visualization, baking service, graphics processing, virtual environments, web rendering},
} 

@inproceedings{gmotion,
 author = {Carra, Edoardo and Santoni, Christian and Pellacini, Fabio},
 title = {gMotion: A Spatio-Temporal Grammar for the Procedural Generation of Motion Graphics},
 booktitle = {Proceedings of Graphics Interface 2018},
 series = {GI 2018},
 year = {2018},
 isbn = {978-0-9947868-3-8},
 location = {Toronto, Ontario},
 pages = {100 -- 107},
 numpages = {8},
 doi = {10.20380/GI2018.14},
 publisher = {Canadian Human-Computer Communications Society / Soci{\'e}t{\'e} canadienne du dialogue humain-machine},
}

@article{grammar,
title = "Grammar-based procedural animations for motion graphics",
journal = "Computers & Graphics",
volume = "78",
pages = "97 - 107",
year = "2019",
issn = "0097-8493",
doi = "https://doi.org/10.1016/j.cag.2018.11.007",
url = "http://www.sciencedirect.com/science/article/pii/S0097849318301924",
author = "Edoardo Carra and Christian Santoni and Fabio Pellacini",
keywords = "Human-centered computing, Visualization, Visualization techniques, Visualization design and evaluation methods",
}